<records>
  <record>
    <leader>02556cam a2200613 i 4500</leader>
    <controlfield tag='005'>20210915110720.0</controlfield>
    <controlfield tag='008'>200305s2020    ko ac         000 0 kor d</controlfield>
    <controlfield tag='001'>991033397073205706</controlfield>
    <datafield ind1=' ' ind2=' ' tag='010'>
      <subfield code='a'>  2020389224</subfield>
    </datafield>
    <datafield ind1=' ' ind2=' ' tag='020'>
      <subfield code='a'>9788936486495</subfield>
    </datafield>
    <datafield ind1=' ' ind2=' ' tag='020'>
      <subfield code='a'>8936486497</subfield>
    </datafield>
    <datafield ind1=' ' ind2=' ' tag='035'>
      <subfield code='a'>(OCoLC)1152158078</subfield>
    </datafield>
    <datafield ind1=' ' ind2=' ' tag='035'>
      <subfield code='a'>(OCoLC)on1152158078</subfield>
    </datafield>
    <datafield ind1=' ' ind2=' ' tag='040'>
      <subfield code='a'>PUL</subfield>
      <subfield code='b'>eng</subfield>
      <subfield code='e'>rda</subfield>
      <subfield code='c'>DLC</subfield>
      <subfield code='d'>OCLCF</subfield>
      <subfield code='d'>PUL</subfield>
      <subfield code='d'>OCLCO</subfield>
      <subfield code='d'>EYM</subfield>
      <subfield code='d'>STF</subfield>
    </datafield>
    <datafield ind1=' ' ind2=' ' tag='042'>
      <subfield code='a'>lccopycat</subfield>
    </datafield>
    <datafield ind1=' ' ind2=' ' tag='043'>
      <subfield code='a'>a-kr---</subfield>
      <subfield code='a'>a-ja---</subfield>
    </datafield>
    <datafield ind1='0' ind2='0' tag='050'>
      <subfield code='a'>DS910.2.J3</subfield>
      <subfield code='b'>Y528 2020</subfield>
    </datafield>
    <datafield ind1='1' ind2=' ' tag='100'>
      <subfield code='6'>880-01</subfield>
      <subfield code='a'>Yi, Yŏng-ch&apos;ae,</subfield>
      <subfield code='d'>1971-</subfield>
      <subfield code='e'>author.</subfield>
    </datafield>
    <datafield ind1='1' ind2=' ' tag='880'>
      <subfield code='6'>100-01</subfield>
      <subfield code='a'>이 영채,</subfield>
      <subfield code='d'>1971-</subfield>
      <subfield code='e'>author.</subfield>
    </datafield>
    <datafield ind1='1' ind2='0' tag='245'>
      <subfield code='6'>880-02</subfield>
      <subfield code='a'>Han-Il uik kŭndaesa wanjŏn chŏngbok :</subfield>
      <subfield code='b'>ch&apos;inilp&apos;a, yasŭk&apos;uni, singmin sagwan, Ilbon hoeŭi /</subfield>
      <subfield code='c'>Yi Yŏng-ch&apos;ae, Han Hong-gu chiŭm.</subfield>
    </datafield>
    <datafield ind1='1' ind2='0' tag='880'>
      <subfield code='6'>245-02</subfield>
      <subfield code='a'>한일 우익 근대사 완전 정복 :</subfield>
      <subfield code='b'>친일파, 야스쿠니, 식민 사관, 일본 회의 /</subfield>
      <subfield code='c'>이 영채, 한 홍구 지.</subfield>
    </datafield>
    <datafield ind1=' ' ind2=' ' tag='250'>
      <subfield code='6'>880-03</subfield>
      <subfield code='a'>Ch&apos;op&apos;an.</subfield>
    </datafield>
    <datafield ind1=' ' ind2=' ' tag='880'>
      <subfield code='6'>250-03</subfield>
      <subfield code='a'>초판.</subfield>
    </datafield>
    <datafield ind1=' ' ind2='1' tag='264'>
      <subfield code='6'>880-04</subfield>
      <subfield code='a'>Kyŏnggi-do P&apos;aju-si :</subfield>
      <subfield code='b'>Ch&apos;angbi,</subfield>
      <subfield code='c'>2020.</subfield>
    </datafield>
    <datafield ind1=' ' ind2='1' tag='880'>
      <subfield code='6'>264-04</subfield>
      <subfield code='a'>경기도 파주시 :</subfield>
      <subfield code='b'>창비,</subfield>
      <subfield code='c'>2020.</subfield>
    </datafield>
    <datafield ind1=' ' ind2=' ' tag='300'>
      <subfield code='a'>288 pages :</subfield>
      <subfield code='b'>illustrations, portraits ;</subfield>
      <subfield code='c'>21 cm</subfield>
    </datafield>
    <datafield ind1=' ' ind2=' ' tag='336'>
      <subfield code='a'>text</subfield>
      <subfield code='b'>txt</subfield>
      <subfield code='2'>rdacontent</subfield>
    </datafield>
    <datafield ind1=' ' ind2=' ' tag='337'>
      <subfield code='a'>unmediated</subfield>
      <subfield code='b'>n</subfield>
      <subfield code='2'>rdamedia</subfield>
    </datafield>
    <datafield ind1=' ' ind2=' ' tag='338'>
      <subfield code='a'>volume</subfield>
      <subfield code='b'>nc</subfield>
      <subfield code='2'>rdacarrier</subfield>
    </datafield>
    <datafield ind1=' ' ind2='0' tag='651'>
      <subfield code='a'>Korea</subfield>
      <subfield code='x'>Foreign relations</subfield>
      <subfield code='z'>Japan.</subfield>
    </datafield>
    <datafield ind1=' ' ind2='0' tag='651'>
      <subfield code='a'>Japan</subfield>
      <subfield code='x'>Foreign relations</subfield>
      <subfield code='z'>Korea.</subfield>
    </datafield>
    <datafield ind1=' ' ind2='0' tag='651'>
      <subfield code='a'>Japan</subfield>
      <subfield code='x'>Politics and government</subfield>
      <subfield code='y'>1868-</subfield>
    </datafield>
    <datafield ind1=' ' ind2='0' tag='650'>
      <subfield code='a'>Right-wing extremists</subfield>
      <subfield code='z'>Japan.</subfield>
    </datafield>
    <datafield ind1=' ' ind2='0' tag='651'>
      <subfield code='a'>Korea</subfield>
      <subfield code='x'>Politics and government</subfield>
      <subfield code='y'>20th century.</subfield>
    </datafield>
    <datafield ind1=' ' ind2='0' tag='651'>
      <subfield code='a'>Korea</subfield>
      <subfield code='x'>History</subfield>
      <subfield code='y'>Japanese occupation, 1910-1945</subfield>
      <subfield code='x'>Collaborationists.</subfield>
    </datafield>
    <datafield ind1=' ' ind2='0' tag='650'>
      <subfield code='a'>Koreans</subfield>
      <subfield code='z'>Japan</subfield>
      <subfield code='x'>History.</subfield>
    </datafield>
    <datafield ind1=' ' ind2='7' tag='650'>
      <subfield code='a'>Collaborationists.</subfield>
      <subfield code='2'>fast</subfield>
      <subfield code='0'>(OCoLC)fst00867081</subfield>
    </datafield>
    <datafield ind1=' ' ind2='7' tag='650'>
      <subfield code='a'>Diplomatic relations.</subfield>
      <subfield code='2'>fast</subfield>
      <subfield code='0'>(OCoLC)fst01907412</subfield>
    </datafield>
    <datafield ind1=' ' ind2='7' tag='650'>
      <subfield code='a'>Koreans.</subfield>
      <subfield code='2'>fast</subfield>
      <subfield code='0'>(OCoLC)fst00988927</subfield>
    </datafield>
    <datafield ind1=' ' ind2='7' tag='650'>
      <subfield code='a'>Politics and government.</subfield>
      <subfield code='2'>fast</subfield>
      <subfield code='0'>(OCoLC)fst01919741</subfield>
    </datafield>
    <datafield ind1=' ' ind2='7' tag='650'>
      <subfield code='a'>Right-wing extremists.</subfield>
      <subfield code='2'>fast</subfield>
      <subfield code='0'>(OCoLC)fst01097938</subfield>
    </datafield>
    <datafield ind1=' ' ind2='7' tag='651'>
      <subfield code='a'>Japan.</subfield>
      <subfield code='2'>fast</subfield>
      <subfield code='0'>(OCoLC)fst01204082</subfield>
    </datafield>
    <datafield ind1=' ' ind2='7' tag='651'>
      <subfield code='a'>Korea.</subfield>
      <subfield code='2'>fast</subfield>
      <subfield code='0'>(OCoLC)fst01206434</subfield>
    </datafield>
    <datafield ind1=' ' ind2='7' tag='647'>
      <subfield code='a'>Japanese Occupation of Korea</subfield>
      <subfield code='c'>(Korea :</subfield>
      <subfield code='d'>1910-1945)</subfield>
      <subfield code='2'>fast</subfield>
      <subfield code='0'>(OCoLC)fst01353446</subfield>
    </datafield>
    <datafield ind1=' ' ind2='7' tag='648'>
      <subfield code='a'>Since 1868</subfield>
      <subfield code='2'>fast</subfield>
    </datafield>
    <datafield ind1=' ' ind2='7' tag='655'>
      <subfield code='a'>History.</subfield>
      <subfield code='2'>fast</subfield>
      <subfield code='0'>(OCoLC)fst01411628</subfield>
    </datafield>
    <datafield ind1='1' ind2=' ' tag='700'>
      <subfield code='6'>880-05</subfield>
      <subfield code='a'>Han, Hong-gu,</subfield>
      <subfield code='e'>author.</subfield>
    </datafield>
    <datafield ind1='1' ind2=' ' tag='880'>
      <subfield code='6'>700-05</subfield>
      <subfield code='a'>한 홍구,</subfield>
      <subfield code='e'>author.</subfield>
    </datafield>
    <datafield ind1=' ' ind2=' ' tag='907'>
      <subfield code='a'>Cat date 20210915</subfield>
    </datafield>
    <datafield ind1=' ' ind2=' ' tag='948'>
      <subfield code='h'>NO HOLDINGS IN DRB - 8 OTHER HOLDINGS</subfield>
    </datafield>
    <datafield ind1=' ' ind2=' ' tag='994'>
      <subfield code='a'>Z0</subfield>
      <subfield code='b'>DRB</subfield>
    </datafield>
    <datafield ind1='0' ind2=' ' tag='852'>
      <subfield code='b'>BAKER</subfield>
      <subfield code='c'>KOREA</subfield>
      <subfield code='h'>DS910.2.J3</subfield>
      <subfield code='i'>Y528 2020</subfield>
      <subfield code='8'>22252347070005706</subfield>
    </datafield>
    <datafield ind1=' ' ind2=' ' tag='950'>
      <subfield code='z'>33312005190764</subfield>
    </datafield>
    <datafield ind1=' ' ind2=' ' tag='900'>
      <subfield code='5'>POD</subfield>
      <subfield code='b'>NhD</subfield>
    </datafield>
  </record>
</records>
